@inproceedings{douceur,
	address = {London, UK},
	author = {Douceur, John  R. },
	booktitle = {IPTPS '01: Revised Papers from the First International Workshop on Peer-to-Peer Systems},
	citeulike-article-id = {594855},
	isbn = {3540441794},
	keywords = {distributed, security},
	pages = {251--260},
	posted-at = {2006-10-17 20:05:31},
	priority = {2},
	publisher = {Springer-Verlag},
	title = {The Sybil Attack},
	url = {http://portal.acm.org/citation.cfm?id=687813},
	year = {2002}
}
